@book{cielen2016introducing,
  title={Introducing data science: big data, machine learning, and more, using Python tools},
  author={Cielen, Davy and Meysman, Arno and Ali, Mohamed},
  year={2016},
  publisher={Manning Publications Co.}
}

@article{ramlo2011using,
  title={Using word clouds to visually present Q methodology data and findings},
  author={Ramlo, Susan},
  journal={Journal of Human Subjectivity},
  volume={9},
  number={2},
  pages={95--108},
  year={2011}
  }

  @book{lamport1994latex,
  title={LATEX: a document preparation system: user's guide and reference manual},
  author={Lamport, Leslie},
  year={1994},
  publisher={Addison-wesley}
}
  
